<record><leader>00000cas a22000007a 4500</leader><controlfield tag="001">30059609</controlfield><controlfield tag="008">940331d19871988ctuer ne      0    0eng d</controlfield><controlfield tag="009">14297</controlfield><datafield ind1=" " ind2=" " tag="010"><subfield code="a">sn 94053042 </subfield></datafield><datafield ind1=" " ind2=" " tag="040"><subfield code="a">CNW</subfield><subfield code="b">eng</subfield><subfield code="c">CNW</subfield><subfield code="d">OCLCQ</subfield></datafield><datafield ind1="1" ind2=" " tag="029"><subfield code="a">AU@</subfield><subfield code="b">000025870995</subfield></datafield><datafield ind1=" " ind2=" " tag="042"><subfield code="a">msc</subfield></datafield><datafield ind1="0" ind2="4" tag="245"><subfield code="a">The Rocky Hill weekly news.</subfield></datafield><datafield ind1="1" ind2="3" tag="246"><subfield code="a">Rocky Hill news</subfield></datafield><datafield ind1=" " ind2=" " tag="260"><subfield code="a">Cromwell, Conn. :</subfield><subfield code="b">Nolan Publications</subfield></datafield><datafield ind1=" " ind2=" " tag="300"><subfield code="a">v.</subfield></datafield><datafield ind1=" " ind2=" " tag="310"><subfield code="a">Biweekly,</subfield><subfield code="b">Mar. 3-May 12, 1988</subfield></datafield><datafield ind1=" " ind2=" " tag="321"><subfield code="a">Weekly,</subfield><subfield code="b">1987-Feb. 18, 1988</subfield></datafield><datafield ind1="0" ind2=" " tag="362"><subfield code="a">Vol. 1, no. 1 (Dec. 4, [1987])-v. 1, no. 16 (May 12, 1988).</subfield></datafield><datafield ind1=" " ind2="4" tag="651"><subfield code="a">Rocky Hill (Conn.)</subfield><subfield code="v">Newspapers.</subfield></datafield><datafield ind1=" " ind2=" " tag="752"><subfield code="a">United States</subfield><subfield code="b">Connecticut</subfield><subfield code="c">Middlesex</subfield><subfield code="d">Cromwell.</subfield></datafield></record>